@book{mayo2018statistical,
  title={Statistical inference as severe testing: How to get beyond the statistics wars},
  author={Mayo, Deborah G},
  year={2018},
  publisher={Cambridge University Press},
  DOI={10.1017/9781107286184}
}

