@book{Eurostat,
author = {European Commission, Eurostat},
title = {European statistics code of practice – For the national statistical authorities and Eurostat (EU statistical authority)},
publisher = {Publications Office of the European Union},
year = {2018},
keywords = {main},
doi = {10.2785/798269}
}

@article{de2018international,
  title={International nonresponse trends across countries and years: An analysis of 36 years of labour force survey data},
  author={de Leeuw, Edith and Hox, Joop and Luiten, Annemieke},
  journal={Survey methods: insights from the field},
  pages={1--11},
  year={2018},
  publisher={DEU},
  keywords = {main},
  DOI = {10.13094/SMIF-2018-00008}
}

@article{Meyer2015,
Author = {Meyer, Bruce D. and Mok, Wallace K. C. and Sullivan, James X.},
Title = {Household Surveys in Crisis},
Journal = {Journal of Economic Perspectives},
Volume = {29},
Number = {4},
Year = {2015},
Month = {November},
Pages = {199–226},
keywords = {main},
DOI = {10.1257/jep.29.4.199},
}

@inproceedings{richardson1996nonresponse,
  title={Nonresponse issues in household travel surveys},
  author={Richardson, Anthony J and Ampt, Elizabeth S and Meyburg, Arnim H},
  booktitle={Conference proceedings},
  volume={10},
  pages={79--114},
  year={1996}
}

@inproceedings{ashley2009underreporting,
  title={Recent information on the under-reporting of trips in household travel surveys},
  author={Ashley, D and Richardson, T and Young, D},
  booktitle={Australasian Transport Research Forum (ATRF), 32nd, 2009, Auckland, New Zealand},
  volume={32},
  keywords = {main},
  year={2009}
}

@article{schmidt2014consumers,
  title={Consumers’ recording behaviour in payment diaries--empirical evidence from Germany},
  author={Schmidt, Tobias},
  journal={Survey Methods: Insights from the Field},
  pages={16},
  year={2014},
  DOI = {10.13094/SMIF-2014-00008},
  keywords = {main},
  publisher={DEU}
}

@article{biemer2010total,
  title={Total survey error: Design, implementation, and evaluation},
  author={Biemer, Paul P},
  journal={Public opinion quarterly},
  volume={74},
  number={5},
  pages={817--848},
  year={2010},
  publisher={Oxford University Press},
  DOI={10.1093/poq/nfq058}
}

@article{lohr2017datasources,
author = {Sharon L. Lohr and Trivellore E. Raghunathan},
title = {{Combining Survey Data with Other Data Sources}},
volume = {32},
journal = {Statistical Science},
number = {2},
publisher = {Institute of Mathematical Statistics},
pages = {293 -- 312},
keywords = {hierarchical models, imputation, multiple frame survey, probability sample, record linkage, small area estimation},
year = {2017},
keywords = {main},
doi = {10.1214/16-STS584},
}

@inproceedings{walraad2024MLCRC,
  title={Incorporating Machine Learning in Capture-Recapture Estimation of Survey Measurement Error},
  author={Walraad, Maaike and Klingwort, Jonas and Burger, Joep},
  booktitle={Survey Research Methods},
  volume={18},
  number={2},
  pages={99--112},
  year={2024},
  keywords = {main},
  DOI = {10.18148/srm/2024.v18i2.8307}
}

@article{klingwort2019CRC,
author = {Klingwort, Jonas and Buelens, Bart and Schnell, Rainer},
title ={Capture–Recapture Techniques for Transport Survey Estimate Adjustment Using Permanently Installed Highway-Sensors},
journal = {Social Science Computer Review},
volume = {39},
number = {4},
pages = {527-542},
year = {2019},
keywords = {main},
doi = {10.1177/0894439319874684},
}

@article{klingwort2021transition,
  title={Transition from survey to sensor-enhanced official statistics: Road freight transport as an example},
  author={Klingwort, Jonas and Burger, Joep and Buelens, Bart and Schnell, Rainer},
  journal={Statistical Journal of the IAOS},
  volume={37},
  number={4},
  pages={1289--1299},
  year={2021},
  keywords = {main},
  publisher={IOS Press},
  DOI = {10.3233/SJI-210821}
}



@article{Rankin_2017, 
  title={EM and component-wise boosting for Hidden Markov Models: a machine-learning approach to capture-recapture}, 
  journal={bioRxiv},
  url={https://www.biorxiv.org/content/10.1101/052266v8}, 
  DOI={10.1101/052266}, 
  publisher={bioRxiv}, 
  author={Rankin, Robert W.}, 
  year={2017}
}

@book{seber1982estimation,
  title={The estimation of animal abundance and related parameters (2nd ed).},
  author={Seber, George Arthur Frederick},
  year={1982},
  publisher = {Charles Griffin},
  address   = {London}
}

@article{coumans2017estimating,
  title={Estimating homelessness in the Netherlands using a capture-recapture approach},
  author={Coumans, AM and Cruyff, MJLF and Van der Heijden, Peter GM and Wolf, JRLM and Schmeets, HJSIR},
  journal={Social Indicators Research},
  volume={130},
  pages={189--212},
  year={2017},
  publisher={Springer},
  DOI={10.1007/s11205-015-1171-7}
}

@book{bohning2018capture,
  title={Capture-recapture methods for the social and medical sciences},
  author={B{\"o}hning, Dankmar and Bunge, John and Heijden, Peter GM},
  year={2018},
  publisher={CRC Press Boca Raton},
  DOI={10.4324/9781315151939 }
}

@article{pollock1991review,
  title={Review papers: modeling capture, recapture, and removal statistics for estimation of demographic parameters for fish and wildlife populations: past, present, and future},
  author={Pollock, Kenneth H},
  journal={Journal of the American Statistical Association},
  volume={86},
  number={413},
  pages={225--238},
  year={1991},
  publisher={Taylor \& Francis}
}

@article{siepe2024simulation,
  title={Simulation studies for methodological research in psychology: A standardized template for planning, preregistration, and reporting.},
  author={Siepe, Bj{\"o}rn S and Barto{\v{s}}, Franti{\v{s}}ek and Morris, Tim P and Boulesteix, Anne-Laure and Heck, Daniel W and Pawel, Samuel},
  journal={Psychological Methods},
  year={2024},
  publisher={American Psychological Association},
  DOI={10.1037/met0000695}
}


@article{petersen1896yearly,
  title={The yearly immigration of young plaice in the Limfjord from the German sea},
  author={Petersen, Carl Georg Johannes},
  journal={Rept. Danish Biol. Sta.},
  volume={6},
  pages={1--48},
  year={1896}
}

@book{lincoln1930calculating,
  title={Calculating waterfowl abundance on the basis of banding returns},
  author={Lincoln, Frederick Charles},
  number={118},
  year={1930},
  publisher={US Department of Agriculture}
}

@article{hu2017nonresponse,
  title={Nonresponse and underreporting errors increase over the data collection week based on paradata from the National Household Food Acquisition and Purchase Survey},
  author={Hu, Mengyao and Gremel, Garrett W and Kirlin, John A and West, Brady T},
  journal={The Journal of Nutrition},
  volume={147},
  number={5},
  pages={964--975},
  year={2017},
  publisher={Elsevier},
  DOI={10.3945/jn.116.240697}
}

@article{whytock2021robust,
  title={Robust ecological analysis of camera trap data labelled by a machine learning model},
  author={Whytock, Robin C and {\'S}wie{\.z}ewski, J{\k{e}}drzej and Zwerts, Joeri A and Bara-S{\l}upski, Tadeusz and Koumba Pambo, Aur{\'e}lie Flore and Rogala, Marek and Bahaa-el-din, Laila and Boekee, Kelly and Brittain, Stephanie and Cardoso, Anabelle W and others},
  journal={Methods in Ecology and Evolution},
  volume={12},
  number={6},
  pages={1080--1092},
  year={2021},
  publisher={Wiley Online Library},
  DOI={10.1111/2041-210X.13576}
}

@article{green2020spatially,
  title={Spatially explicit capture-recapture through camera trapping: a review of benchmark analyses for wildlife density estimation},
  author={Green, Austin M and Chynoweth, Mark W and {\c{S}}ekercio{\u{g}}lu, {\c{C}}a{\u{g}}an Hakk{\i}},
  journal={Frontiers in Ecology and Evolution},
  volume={8},
  pages={563477},
  year={2020},
  publisher={Frontiers Media SA},
  DOI={10.3389/fevo.2020.563477 }
}

@phdthesis{wang2024statistical,
  title={Statistical inference in acoustic spatial capture-recapture: integrating machine learning for species identification},
  author={Wang, Yuheng},
  year={2024},
  school={The University of St Andrews},
  DOI={10.17630/sta/1168}
}

@article{boulesteix2014machine,
  title={Machine learning versus statistical modeling},
  author={Boulesteix, Anne-Laure and Schmid, Matthias},
  journal={Biometrical Journal},
  volume={56},
  number={4},
  pages={588--593},
  year={2014},
  publisher={Wiley Online Library},
  DOI={10.1002/bimj.201300226}
}

@article{otis1978statistical,
  title={Statistical inference from capture data on closed animal populations},
  author={Otis, David L and Burnham, Kenneth P and White, Gary C and Anderson, David R},
  journal={Wildlife monographs},
  number={62},
  pages={3--135},
  year={1978},
  publisher={JSTOR}
}

@article{hu2017nonresponse,
  title={Nonresponse and underreporting errors increase over the data collection week based on paradata from the National Household Food Acquisition and Purchase Survey},
  author={Hu, Mengyao and Gremel, Garrett W and Kirlin, John A and West, Brady T},
  journal={The Journal of Nutrition},
  volume={147},
  number={5},
  pages={964--975},
  year={2017},
  publisher={Elsevier},
  DOI={10.3945/jn.116.240697}
}

@article{morris2019using,
  title={Using simulation studies to evaluate statistical methods},
  author={Morris, Tim P and White, Ian R and Crowther, Michael J},
  journal={Statistics in medicine},
  volume={38},
  number={11},
  pages={2074--2102},
  year={2019},
  publisher={Wiley Online Library},
  DOI={10.1002/sim.8086}
}

@Manual{RVersion440,
    title = {R: A Language and Environment for Statistical Computing},
    author = {{R Core Team}},
    organization = {R Foundation for Statistical Computing},
    address = {Vienna, Austria},
    year = {2024},
    url = {https://www.R-project.org/},
  }

@Article{tidyverse,
    title = {Welcome to the {tidyverse}},
    author = {Hadley Wickham and Mara Averick and Jennifer Bryan and
      Winston Chang and Lucy D'Agostino McGowan and Romain François and
      Garrett Grolemund and Alex Hayes and Lionel Henry and Jim Hester
      and Max Kuhn and Thomas Lin Pedersen and Evan Miller and Stephan
      Milton Bache and Kirill Müller and Jeroen Ooms and David Robinson
      and Dana Paige Seidel and Vitalie Spinu and Kohske Takahashi and
      Davis Vaughan and Claus Wilke and Kara Woo and Hiroaki Yutani},
    year = {2019},
    journal = {Journal of Open Source Software},
    volume = {4},
    number = {43},
    pages = {1686},
    doi = {10.21105/joss.01686},
  }

@Book{ggplot2,
    author = {Hadley Wickham},
    title = {ggplot2: Elegant Graphics for Data Analysis},
    publisher = {Springer-Verlag New York},
    year = {2016},
    isbn = {978-3-319-24277-4},
    url = {https://ggplot2.tidyverse.org},
  }

@article{horvitz1952generalization,
  title={A generalization of sampling without replacement from a finite universe},
  author={Horvitz, Daniel G and Thompson, Donovan J},
  journal={Journal of the American statistical Association},
  volume={47},
  number={260},
  pages={663--685},
  year={1952},
  publisher={Taylor \& Francis}
}

@article{alho1990logistic,
  title={Logistic regression in capture-recapture models},
  author={Alho, Juha M},
  journal={Biometrics},
  pages={623--635},
  year={1990},
  publisher={JSTOR}
}

@article{huggins1989statistical,
  title={On the statistical analysis of capture experiments},
  author={Huggins, RM991431},
  journal={Biometrika},
  volume={76},
  number={1},
  pages={133--140},
  year={1989},
  publisher={Oxford University Press}
}

  @Article{Kuhn2008caret,
    title = {Building Predictive Models in R Using the caret Package},
    volume = {28},
    url =  {https://www.jstatsoft.org/index.php/jss/article/view/v028i05},
    doi = {10.18637/jss.v028.i05},
    number = {5},
    journal = {Journal of Statistical Software},
    author = {{Kuhn} and {Max}},
    year = {2008},
    pages = {1–26},
  }

@article{fienberg1972multiple,
  title={The multiple recapture census for closed populations and incomplete 2k contingency tables},
  author={Fienberg, Stephen E},
  journal={Biometrika},
  volume={59},
  number={3},
  pages={591--603},
  year={1972},
  publisher={Oxford University Press}
}

