@Manual{penguinsBib,
  title = {palmerpenguins: Palmer Archipelago (Antarctica) penguin data},
  author = {Allison Marie Horst and Alison Presmanes Hill and Kristen B Gorman},
  year = {2020},
  note = {R package version 0.1.0},
  doi = {10.5281/zenodo.3960218},
  url = {https://allisonhorst.github.io/palmerpenguins/}
}

@book{wickham2016data,
  title = {Data Analysis},
  author = {Hadley Wickham},
  year = {2016},
  publisher = {Springer}
}

